BibTeX database for Mite documentation


@Misc{cintweb,
  author = "Martin Richards",
  title = "{C}intcode distribution",
  note = "\url{http://www.cl.cam.ac.uk/~mr/BCPL.html}",
  year = 2000}

@Misc{lightning,
  author = "Paulo Bonzini",
  title = "Using and porting {GNU} \textit{lightning}",
  note = "\url{ftp://alpha.gnu.org/gnu/}",
  year = 2000}

@PhDThesis{mite,
  author = "Reuben Thomas",
  title = "Mite: a basis for ubiquitous virtual machines",
  school = "University of Cambridge Computer Laboratory",
  note = "\url{http://sc3d.org/rrt/}",
  year = 2000,
  month = nov}

@MastersThesis{beetledis,
  author = "Reuben Thomas",
  title = "{B}eetle and p{F}orth: a {F}orth virtual machine and compiler",
  school = "University of Cambridge",
  note = "\url{http://sc3d.org/rrt/}",
  year = 1995,
  type = "{BA} dissertation"}
